@misc{uci:online,
author = {},
title = {UCI Machine Learning Repository: Facebook Comment Volume Dataset Data Set},
howpublished = {\url{https://archive.ics.uci.edu/ml/datasets/Facebook+Comment+Volume+Dataset}},
month = {},
year = {},
note = {(Accessed on 11/06/2021)}
}

@article{original_paper:paper,
author = {Kamaljot Singh and Ranjeet Kaur Sandhu and Dinesh Kumar},
title={Comment Volume Prediction Using Neural Networks and Decision Trees},
DAYS=25,
MONTH=mar,
YEAR=2015,
KEYWORDS={'Neural Networks; RBF Network; Prediction; Facebook; Comments; Data Mining},
DOI = "https://doi.org/10.5013/IJSSST.a.16.05.16",
}

@misc{sklearn_outlier:online,
author = {},
title = {2.7. Novelty and Outlier Detection â€” scikit-learn 0.24.2 documentation},
howpublished = {\url{https://scikit-learn.org/stable/modules/outlier_detection.html\#fitting-an-elliptic-envelope}},
month = {},
year = {},
note = {(Accessed on 12/06/2021)}
}

@misc{wiki_mahalanobis:online,
author = {},
title = {Distancia de Mahalanobis - Wikipedia, la enciclopedia libre},
howpublished = {\url{https://es.wikipedia.org/wiki/Distancia_de_Mahalanobis}},
month = {},
year = {},
note = {(Accessed on 12/06/2021)}
}
